@inproceedings{si2001statistical,
	title={A statistical model for scientific readability},
	author={Si, Luo and Callan, Jamie},
	booktitle={Proceedings of the tenth international conference on Information and knowledge management},
	pages={574--576},
	year={2001},
	organization={ACM}
}

@article{flesch1948new,
	title={A new readability yardstick.},
	author={Flesch, Rudolph},
	journal={Journal of applied psychology},
	volume={32},
	number={3},
	pages={221},
	year={1948},
	publisher={American Psychological Association}
}

@ONLINE {jeremystribling2015,
	author = "Jeremy Stribling",
	title  = "SCIgen - An Automatic CS Paper Generator",
	month  = "dec",
	year   = "2015",
	url    = "https://pdos.csail.mit.edu/archive/scigen/"
}